@article{firestone2016cognition,
  title={Cognition does not affect perception: Evaluating the evidence for" top-down" effects},
  author={Firestone, Chaz and Scholl, Brian J},
  journal={Behavioral and brain sciences},
  volume={39},
  year={2016},
  publisher={Cambridge University Press}
}

@article{branson2010visual,
  title={Visual recognition with humans in the loop},
  author={Branson, Steve and Wah, Catherine and Schroff, Florian and Babenko, Boris and Welinder, Peter and Perona, Pietro and Belongie, Serge},
  journal={Computer Vision--ECCV 2010},
  pages={438--451},
  year={2010},
  publisher={Springer}
}

@inproceedings{malisiewicz2009beyond,
  title={Beyond categories: The visual memex model for reasoning about object relationships},
  author={Malisiewicz, Tomasz and Efros, Alyosha},
  booktitle={Advances in neural information processing systems},
  pages={1222--1230},
  year={2009}
}

@article{jones2016efficient,
  title={Efficient computation of spreading activation using lazy evaluation},
  author={Jones, Steven J and Wandzel, Arthur R and Laird, John E},
  journal={Ann Arbor},
  volume={1001},
  pages={48109--2121},
  year={2016}
}

@article{rosch1999principles,
  title={Principles of categorization},
  author={Rosch, Eleanor},
  journal={Concepts: core readings},
  volume={189},
  year={1999}
}

@article{rippel2016metric,
  title={Metric learning with adaptive density discrimination},
  author={Rippel, Oren and Paluri, Manohar and Dollar, Piotr and Bourdev, Lubomir},
  journal={International Conference on Learning Representations},
  year={2016}
}

@article{lupyan2008perceptual,
  title={Perceptual processing is facilitated by ascribing meaning to novel stimuli},
  author={Lupyan, Gary and Spivey, Michael J},
  journal={Current Biology},
  volume={18},
  number={10},
  pages={R410--R412},
  year={2008},
  publisher={Elsevier}
}

@inproceedings{quattoni2009recognizing,
  title={Recognizing indoor scenes},
  author={Quattoni, Ariadna and Torralba, Antonio},
  booktitle={Computer Vision and Pattern Recognition, 2009. CVPR 2009. IEEE Conference on},
  pages={413--420},
  year={2009},
  organization={IEEE}
}

@inproceedings{zhou2014learning,
  title={Learning deep features for scene recognition using places database},
  author={Zhou, Bolei and Lapedriza, Agata and Xiao, Jianxiong and Torralba, Antonio and Oliva, Aude},
  booktitle={Advances in neural information processing systems},
  pages={487--495},
  year={2014}
}

@article{Matterport3D,
  title={Matterport3D: Learning from RGB-D Data in Indoor Environments},
  author={Chang, Angel and Dai, Angela and Funkhouser, Thomas and Halber, Maciej and Niessner, Matthias and Savva, Manolis and Song, Shuran and Zeng, Andy and Zhang, Yinda},
  journal={International Conference on 3D Vision (3DV)},
  year={2017}
}
